@inproceedings{peter1990Antartica,

      title={The Cenozoic history of Antarctica and its global impact },
      author={PETER-NOEL WEBB from Byrd Polar Research Center and Department of Geology and Mineralogy, The Ohio State University, Columbus, Ohio 43210, USA},
      booktitle={Journal of Antarctic Science 2},
      volume={1},
      pages={3-2},
      year={1990}
    }
