@article{umami2013eksperimentasi,
  title={Eksperimentasi Pembelajaran Matematika Dengan Model Pembelajaran Kooperatif Tipe Jigsaw Dengan Pendekatan Kontekstual Berbasis Lesson Study Pada Materi Bangun Ruang Sisi Lengkung Ditinjau Dari Gaya Belajar Siswa Kelas IX MTs Negeri Kabupaten Madiun},
  author={Umami, Farah and Kusmayadi, Tri Atmojo and Suyono, Suyono},
  journal={Jurnal Pembelajaran Matematika},
  volume={1},
  number={4},
  year={2013}
}

@misc{suharjana2009geometri,
  title={Geometri Datar dan Ruang},
  author={Suharjana, Agus},
  year={2009},
  publisher={Yogyakarta: Pusat Pengembangan dan Pemberdayaan Pendidik dan Tenaga Kependidikan Matematika}
}
@misc{suharjana2008mengenal,
  title={Mengenal bangun ruang dan sifat-sifatnya di sekolah dasar},
  author={Suharjana, Agus},
  year={2008},
  publisher={Direktorat jenderal peningkatan mutu pendidik dan tenaga kependidikan}
}
@phdthesis{nurfarikhin2010hubungan,
  title={Hubungan kemampuan pemahaman konsep dan kemampuan penalaran dengan kemampuan pemecahan masalah pada materi bangun ruang sisi lengkung peserta didik kelas IX MTs NU 24 Darul Ulum Pidodo Kulon Patebon Kendal},
  author={Nurfarikhin, Fuad},
  year={2010},
  school={IAIN Walisongo}
}
@article{suparno2013komputasi,
  title={Komputasi untuk Sains dan Teknik},
  author={Suparno, Supriyanto and Fisika-FMIPA, Departemen and Indonesia, Univeristas},
  journal={Departemen Fisika-FMIPA Universitas Indonesia},
  year={2013}
}
