@book{irwansyah2013sistem,
  title={Sistem Informasi Geografis: prinsip dasar dan pengembangan aplikasi},
  author={Irwansyah, Edy},
  year={2013},
  publisher={DigiBook Yogyakarta}
}

@book{puntodewo2003sistem,
  title={Sistem informasi geografis untuk pengelolaan sumberdaya alam},
  author={Puntodewo, Atie and Dewi, Sonya and Tarigan, Jusupta},
  year={2003},
  publisher={CIFOR}
}
