@book{huda2010membuat,
  title={Membuat Aplikasi Database},
  author={Huda, Miftakhul and Komputer, Bunafit},
  year={2010},
  publisher={Elex Media Komputindo}
}

@article{dasar2002metode,
  title={A. Metode Penelitian},
  author={Dasar, B Konsep},
  year={2002}
}

	 