@misc{zuhdi2012sistem,
  title={Sistem Koordinat Geografik},
  author={Zuhdi, Mohd},
  year={2012}
}

