@article{analisa2,
  title={2.1 Sumber Data 2.1. 1 Literatur Buku},
  author={ANALISA, DATA DAN}
}

@phdthesis{rofiq20173d,
  title={3d Hologram Pengenalan Hewan Kutub},
  author={Rofiq, Mohamad Irwana},
  year={2017},
  school={Universitas Muria Kudus}
}
@article{abbott2003history,
  title={History and evolution of the arctic flora: in the footsteps of Eric Hult{\'e}n},
  author={Abbott, Richard J and Brochmann, Christian},
  journal={Molecular ecology},
  volume={12},
  number={2},
  pages={299--313},
  year={2003},
  publisher={Wiley Online Library}
}
