@book{maling2013coordinate,
  title={Coordinate systems and map projections},
  author={Maling, Derek Hylton},
  year={2013},
  publisher={Elsevier}
}
@article{stern2004latitude,
  title={Latitude and longitude},
  author={Stern, David P},
  journal={Web page, NASA, Goddard Space Flight Center, Greenbelt, Maryland},
  volume={17},
  year={2004}
}
@journal{stern2004latitude,
  title={Latitude and longitude},
  author={Stern, Dr. David P},
  journal={Web page, NASA, Goddard Space Flight Center, Greenbelt, Maryland},
  volume={17},
  year={2004}
}
https://books.google.co.id/books?hl=en&lr=&id=tcL-BAAAQBAJ&oi=fnd&pg=PP1&dq=longitude+latitude+coordinates+history&ots=YoKpv3iUDj&sig=bXF_1z0UqFDlSw07kvORoe0gQKQ&redir_esc=y#v=onepage&q=longitude%20latitude%20coordinates%20history&f=false
https://scholar.google.com/scholar?cluster=12420920443908689758&hl=en&as_sdt=1,5
https://scholar.google.com/scholar?hl=en&as_sdt=1,5&qsp=8&q=gps+coordinates+system