$referensi


@book{irwansyah2013sistem,
  title={Sistem Informasi Geografis: prinsip dasar dan pengembangan aplikasi},
  author={Irwansyah, Edy},
  year={2013},
  publisher={DigiBook Yogyakarta}
}
