%buat referensinya

@article{graser2015processing,
  title={Processing: A python framework for the seamless integration of geoprocessing tools in QGIS},
  author={Graser, Anita and Olaya, Victor},
  journal={ISPRS International Journal of Geo-Information},
  volume={4},
  number={4},
  pages={2219--2245},
  year={2015},
  publisher={Multidisciplinary Digital Publishing Institute}
}
