@phdthesis{mahendra2014sistem,
  title={SISTEM INFORMASI GEOGRAFIS BERBASIS WEB INVENTARISASI JALAN KOTA PEKANBARU MENGGUNAKAN GOOGLE MAPS API},
  author={Mahendra, Febri},
  year={2014},
  school={Universitas Islam Negeri Sultan Syarif Kasim Riau}
}

@book{irwansyah2013sistem,
  title={Sistem Informasi Geografis: prinsip dasar dan pengembangan aplikasi},
  author={Irwansyah, Edy},
  year={2013},
  publisher={DigiBook Yogyakarta}
}