@misc{mufidah2009pengantar,
  title={Pengantar GIS (Geographical Information System)},
  author={Mufidah, Nur Meita Indah},
  year={2009}
}
