@article{rachmanplanet,
  title={PLANET BUMI (1)},
  author={Rachman, H Basuni}
}

@article{suryasejarah,
  title={Sejarah Bumi},
  author={Surya, Pembentukan Tata}
}