@article{wetherill1990formation,
  title={Formation of the Earth},
  author={Wetherill, George W},
  journal={Annual Review of Earth and Planetary Sciences},
  volume={18},
  number={1},
  pages={205--256},
  year={1990},
  publisher={Annual Reviews 4139 El Camino Way, PO Box 10139, Palo Alto, CA 94303-0139, USA}
}

@book{whitehurst1786inquiry,
  title={An inquiry into the original state and formation of the earth: deduced from facts and the laws of nature},
  author={Whitehurst, John},
  year={1786},
  publisher={W. Bent}
}
@book{khosimgeografi,
  title={Geografi SMA/MA Kls X (Diknas)},
  author={Khosim, Amir and Marlina, Kun},
  publisher={Grasindo}
}

@misc{zuhdi2012sistem,
  title={Sistem Koordinat Geografik},
  author={Zuhdi, Mohd},
  year={2012}
}

@misc{mufidah2009pengantar,
  title={Pengantar GIS (Geographical Information System)},
  author={Mufidah, Nur Meita Indah},
  year={2009}
}
@article{widiyati2011meningkatkan,
  title={MENINGKATKAN HASIL BELAJAR GEOGRAFI PADA MATERI SEJARAH PEMBENTUKAN BUMI DENGAN KARTU INDEKS DAN MEDIA FILM},
  author={Widiyati, Ana},
  journal={Jurnal Geografi Gea},
  volume={11},
  number={2},
  year={2011}
}