@book{kennedy2013introducing,
  title={Introducing geographic information systems with ARCGIS: a workbook approach to learning GIS},
  author={Kennedy, Michael D},
  year={2013},
  publisher={John Wiley \& Sons}
}

@article{stabler2005read,
  title={Read and write ESRI shapefiles},
  author={Stabler, Ben and Stabler, Ben},
  year={2005}
}
