@incollection{garcia2012web,
  title={Web map tile services for spatial data infrastructures: Management and optimization},
  author={Garc{\'\i}a, Ricardo and de Castro, Juan Pablo and Verd{\'u}, Elena and Verd{\'u}, Mar{\'\i}a Jes{\'u}s and Regueras, Luisa Mar{\'\i}a},
  booktitle={Cartography-A Tool for Spatial Analysis},
  year={2012},
  publisher={InTech}
}

@article{kadlec2016extracting,
  title={Extracting Snow Cover Time Series Data from Open Access Web Mapping Tile Services},
  author={Kadlec, Ji{\v{r}}{\'\i} and Miller, A Woodruff and Ames, Daniel P},
  journal={JAWRA Journal of the American Water Resources Association},
  volume={52},
  number={4},
  pages={916--932},
  year={2016},
  publisher={Wiley Online Library}
}
